 @misc{moran-perez_2020, 
 title={A Timeline of Outbreaks from 2000 to Present}, 
 url={https://sundial.csun.edu/156361/news/a-timeline-of-outbreaks-from-2000-to-present}, 
 journal={The Sundial}, 
 author={Moran-Perez, Gillian}, 
 year={2020}, 
 month={Feb}
 } 

